% Use this file for citations not found in the ACL Anthology (contained in "anthology.bib").

@article{he2022mabel,
  title={MABEL: Attenuating Gender Bias using Textual Entailment Data},
  author={He, Jacqueline and Xia, Mengzhou and Fellbaum, Christiane and Chen, Danqi},
  journal={arXiv preprint arXiv:2210.14975},
  year={2022}
}

@article{SNLI_dataset_paper,
  title={A large annotated corpus for learning natural language inference},
  author={Samuel R. Bowman, Gabor Angeli, Christopher Potts, and Christopher D. Manning},
  journal={In Proceedings of the 2015 Conference on Empirical Methods in Natural Language Processing, pages 632–642, Lisbon, Portugal. Association for Computational Linguistics},
  year={2015}
}

@article{MNLI_dataset_paper,
  title={A broad-coverage challenge corpus for sentence understanding through inference},
  author={Adina Williams, Nikita Nangia, and Samuel Bowman},
  journal={In Proceedings of the 2018 Conference of the North American
Chapter of the Association for Computational Linguistics: Human Language Technologies, Volume 1 (Long Papers), pages 1112–1122, New Orleans, Louisiana. Association for Computational Linguistics},
  year={2018}
}